<?xml version="1.0" encoding="UTF-8"?>
<collection xmlns:xsi="http://www.w3.org/2001/XMLSchema-instance" xsi:schemaLocation="http://www.loc.gov/MARC21/slim http://www.loc.gov/standards/marcxml/schema/MARC21slim.xsd" xmlns="http://www.loc.gov/MARC21/slim">
<record>
  <leader>00771mam a22001935a 4500</leader>
  <controlfield tag="001">1519242</controlfield>
  <controlfield tag="003">NNC</controlfield>
  <controlfield tag="005">20100217072830.0</controlfield>
  <controlfield tag="008">860825s1936    mr            00010 ara d</controlfield>
  <datafield tag="035" ind1=" " ind2=" ">
    <subfield code="a">(OCoLC)83051066</subfield>
  </datafield>
  <datafield tag="035" ind1=" " ind2=" ">
    <subfield code="a">(OCoLC)ocm83051066</subfield>
  </datafield>
  <datafield tag="035" ind1=" " ind2=" ">
    <subfield code="9">AJW5585CU</subfield>
  </datafield>
  <datafield tag="035" ind1=" " ind2=" ">
    <subfield code="a">(NNC)1519242</subfield>
  </datafield>
  <datafield tag="100" ind1="1" ind2="0">
    <subfield code="a">Azmūrī, ʻAmr al-Kumaytī.</subfield>
  </datafield>
  <datafield tag="245" ind1="1" ind2="0">
    <subfield code="a">Kitab bulūgh al-ghāyah al-maqṣūdah wa-al-ḍāllah al-manshūdah min al-adillah ʻalá masʾalat al-qabḍ wa-al-sadl wa-al-basmalah fī al-ṣalāt al-mafrūḍah /</subfield>
    <subfield code="c">li-muʾallifihi al-Sayyid ʻAmr al-Kumaytī al-Azmūrī.</subfield>
  </datafield>
  <datafield tag="250" ind1=" " ind2=" ">
    <subfield code="a">al-Ṭabʻah 1.</subfield>
  </datafield>
  <datafield tag="260" ind1="0" ind2=" ">
    <subfield code="a">al-Dār al-Bayḍāʾ :</subfield>
    <subfield code="b">al-Maṭbaʻah al-ʻArabīyah,</subfield>
    <subfield code="c">1356 [1936 or 1937]</subfield>
  </datafield>
  <datafield tag="300" ind1=" " ind2=" ">
    <subfield code="a">116 p. ;</subfield>
    <subfield code="c">25 cm.</subfield>
  </datafield>
  <datafield tag="650" ind1=" " ind2="0">
    <subfield code="a">Prayer</subfield>
    <subfield code="x">Islam.</subfield>
  </datafield>
  <datafield tag="650" ind1=" " ind2="0">
    <subfield code="a">Hadith.</subfield>
  </datafield>
  <datafield tag="955" ind1=" " ind2=" ">
    <subfield code="b">CU10660178</subfield>
    <subfield code="d">off,glx</subfield>
    <subfield code="e">ME37256</subfield>
  </datafield>
</record>
</collection>